%% This BibTeX bibliography file was created using BibDesk.
%% http://bibdesk.sourceforge.net/


%% Created for Jyh-Ming Lien at 2010-10-21 13:30:08 -0400 


%% Saved with string encoding Unicode (UTF-8) 



@article{em-tdas-94,
	Author = {H. Edelsbrunner and E. P. M{\"u}cke},
	Date-Added = {2010-10-21 13:27:38 -0400},
	Date-Modified = {2010-10-21 13:27:38 -0400},
	Journal = {ACM Trans. Graph.},
	Month = jan,
	Number = 1,
	Pages = {43--72},
	Title = {Three-dimensional Alpha Shapes},
	Update = {94.09 orourke},
	Volume = 13,
	Year = 1994,
	Bdsk-Url-1 = {ftp://cs.uiuc.edu/pub/edels/geometry/shapes-94.tar.Z}}

@inproceedings{abk-anvra-98,
	Author = {N. Amenta and M.Bern and M. Kamvysselis},
	Booktitle = {SIGGRAPH, Orlando, FL},
	Date-Added = {2010-10-21 13:23:08 -0400},
	Date-Modified = {2010-10-21 13:23:08 -0400},
	Title = {A new voronoi-based reconstruction algorithm},
	Year = 1998}

@inproceedings{stippling,
Author = {Adrian Secord},
Booktitle = {Proceedings of the 2nd Internation Symposium on
                  Non-Photorealistic Animation and Rendering, ACM},
Title = {Weighted Voronoi Stippling},
    Year=2002
}

@misc{facesimg,
Title={W.S.J Magazine hedcuts \url{http://hedcuts.blogspot.com/2015/10/wsj-magazine-hedcuts-by-noli-novak-wsj.html}},
Author={Noli Novak}}

@misc{tree,
Title={Live Red Oak Tree Fall Landscape \url{http://www.artistic-law.com/wp-content/uploads/2017/08/live-red-oak-tree-fall-landscape-acrylic-painting-tutorial-free-le-best-ideas-only-on-pinterest-seasons.jpg}}}

